@Article{1,
  author  = {Donald Knuth},
  journal = {Seminumerical Algorithms},
  title   = {The Art Of Computer Programing},
  year    = {1980},
}

@Comment{jabref-meta: databaseType:bibtex;}
